@article{,
year={1968},
issn={0029-599X},
journal={Numerische Mathematik},
volume={11},
issue={4},
doi={10.1007/BF02166681},
title={The QR and QL algorithms for symmetric matrices},
url={http://dx.doi.org/10.1007/BF02166681},
publisher={Springer-Verlag},
author={Bowdler, Hilary and Martin, R.S. and Reinsch, C. and Wilkinson, J.H.},
pages={293-306},
language={English}
}

@article{doi:10.1137/1024100,
author = {Watkins, D.},
title = {Understanding the $QR$ Algorithm},
journal = {SIAM Review},
volume = {24},
number = {4},
pages = {427-440},
year = {1982},
doi = {10.1137/1024100},

URL = {http://epubs.siam.org/doi/abs/10.1137/1024100},
eprint = {http://epubs.siam.org/doi/pdf/10.1137/1024100}
}


@book{golub-vanloan:1996,
    abstract = {{<P>Revised and updated, the third edition of Golub and Van Loan's classic text in computer science provides essential information about the mathematical background and algorithmic skills required for the production of numerical software. This new edition includes thoroughly revised chapters on matrix multiplication problems and parallel matrix computations, expanded treatment of CS decomposition, an updated overview of floating point arithmetic, a more accurate rendition of the modified Gram-Schmidt process, and new material devoted to GMRES, QMR, and other methods designed to handle the sparse unsymmetric linear system problem.</P>}},
    author = {Golub, Gene H. and Van Loan, Charles F.},
    citeulike-article-id = {252315},
    citeulike-linkout-0 = {http://www.amazon.ca/exec/obidos/redirect?tag=citeulike09-20\&amp;path=ASIN/0801854148},
    citeulike-linkout-1 = {http://www.amazon.de/exec/obidos/redirect?tag=citeulike01-21\&amp;path=ASIN/0801854148},
    citeulike-linkout-10 = {http://www.worldcat.org/oclc/34515797},
    citeulike-linkout-2 = {http://www.amazon.fr/exec/obidos/redirect?tag=citeulike06-21\&amp;path=ASIN/0801854148},
    citeulike-linkout-3 = {http://www.amazon.jp/exec/obidos/ASIN/0801854148},
    citeulike-linkout-4 = {http://www.amazon.co.uk/exec/obidos/ASIN/0801854148/citeulike00-21},
    citeulike-linkout-5 = {http://www.amazon.com/exec/obidos/redirect?tag=citeulike07-20\&path=ASIN/0801854148},
    citeulike-linkout-6 = {http://www.worldcat.org/isbn/0801854148},
    citeulike-linkout-7 = {http://books.google.com/books?vid=ISBN0801854148},
    citeulike-linkout-8 = {http://www.amazon.com/gp/search?keywords=0801854148\&index=books\&linkCode=qs},
    citeulike-linkout-9 = {http://www.librarything.com/isbn/0801854148},
    day = {15},
    edition = {3rd},
    howpublished = {Paperback},
    isbn = {0801854148},
    keywords = {matrix, numerical-method},
    month = oct,
    posted-at = {2007-12-04 04:05:27},
    priority = {5},
    publisher = {The Johns Hopkins University Press},
    title = {{Matrix Computations (Johns Hopkins Studies in Mathematical Sciences)(3rd Edition)}},
    url = {http://www.amazon.com/exec/obidos/redirect?tag=citeulike07-20\&path=ASIN/0801854148},
    year = {1996}
}


